%% This BibTeX bibliography file was created using BibDesk.
%% http://bibdesk.sourceforge.net/

%% Created for jmehr at 2018-11-16 10:13:42 -0700 


%% Saved with string encoding Unicode (UTF-8) 



@article{Telles1987A-self-adaptive,
	Author = {J. C. F. Telles},
	Date-Added = {2018-11-16 10:13:31 -0700},
	Date-Modified = {2018-11-16 10:13:31 -0700},
	Doi = {10.1002/nme.1620240509},
	Journal = {International Journal for Numerical Methods in Engineering},
	Month = {may},
	Number = {5},
	Pages = {959--973},
	Publisher = {Wiley},
	Title = {A self-adaptive co-ordinate transformation for efficient numerical evaluation of general boundary element integrals},
	Url = {https://doi.org/10.1002\%2Fnme.1620240509},
	Volume = {24},
	Year = 1987,
	Bdsk-Url-1 = {https://doi.org/10.1002%5C%2Fnme.1620240509},
	Bdsk-Url-2 = {https://doi.org/10.1002/nme.1620240509}}

@article{Johnston2001A-generalisatio,
	Author = {Peter R. Johnston and David Elliott},
	Date-Added = {2018-11-16 10:10:03 -0700},
	Date-Modified = {2018-11-16 10:10:03 -0700},
	Doi = {10.1016/s0377-0427(00)00273-9},
	Journal = {Journal of Computational and Applied Mathematics},
	Month = {jun},
	Number = {1-2},
	Pages = {223--241},
	Publisher = {Elsevier {BV}},
	Title = {A generalisation of Telles' method for evaluating weakly singular boundary element integrals},
	Url = {https://doi.org/10.1016\%2Fs0377-0427\%2800\%2900273-9},
	Volume = {131},
	Year = 2001,
	Bdsk-Url-1 = {https://doi.org/10.1016%5C%2Fs0377-0427%5C%2800%5C%2900273-9},
	Bdsk-Url-2 = {https://doi.org/10.1016/s0377-0427(00)00273-9}}

@article{Guiggiani1987Direct-computat,
	Author = {Massimo Guiggiani and Paolo Casalini},
	Date-Added = {2018-10-11 10:40:50 -0600},
	Date-Modified = {2018-10-11 10:40:50 -0600},
	Doi = {10.1002/nme.1620240908},
	Journal = {International Journal for Numerical Methods in Engineering},
	Month = {sep},
	Number = {9},
	Pages = {1711--1720},
	Publisher = {Wiley},
	Title = {Direct computation of Cauchy principal value integrals in advanced boundary elements},
	Url = {https://doi.org/10.1002\%2Fnme.1620240908},
	Volume = {24},
	Year = 1987,
	Bdsk-File-1 = {YnBsaXN0MDDUAQIDBAUGJCVYJHZlcnNpb25YJG9iamVjdHNZJGFyY2hpdmVyVCR0b3ASAAGGoKgHCBMUFRYaIVUkbnVsbNMJCgsMDxJXTlMua2V5c1pOUy5vYmplY3RzViRjbGFzc6INDoACgAOiEBGABIAFgAdccmVsYXRpdmVQYXRoWWFsaWFzRGF0YV8QRy4uLy4uLy4uLy4uLy4uLy4uL1BoRC9SZWZlcmVuY2VQYXBlcnMvR3VpZ2dpYW5pMTk4N0RpcmVjdC1jb21wdXRhdC5wZGYg0hcLGBlXTlMuZGF0YU8RAa4AAAAAAa4AAgAADE1hY2ludG9zaCBIRAAAAAAAAAAAAAAAAAAAAAAAAABCRAAB/////x9HdWlnZ2lhbmkxOTg3RGlyZWN0LWNvI0ZGRkZGRkZGAAAAAAAAAAAAAAAAAAAAAAAAAAAAAAAAAAAAAAAAAAD/////AAAAAAAAAAAAAAAAAAYAAwAACiBjdQAAAAAAAAAAAAAAAAAPUmVmZXJlbmNlUGFwZXJzAAACAEMvOlVzZXJzOmptZWhyOlBoRDpSZWZlcmVuY2VQYXBlcnM6R3VpZ2dpYW5pMTk4N0RpcmVjdC1jb21wdXRhdC5wZGYgAAAOAEQAIQBHAHUAaQBnAGcAaQBhAG4AaQAxADkAOAA3AEQAaQByAGUAYwB0AC0AYwBvAG0AcAB1AHQAYQB0AC4AcABkAGYAIAAPABoADABNAGEAYwBpAG4AdABvAHMAaAAgAEgARAASAEFVc2Vycy9qbWVoci9QaEQvUmVmZXJlbmNlUGFwZXJzL0d1aWdnaWFuaTE5ODdEaXJlY3QtY29tcHV0YXQucGRmIAAAEwABLwAAFQACAAz//wAAgAbSGxwdHlokY2xhc3NuYW1lWCRjbGFzc2VzXU5TTXV0YWJsZURhdGGjHR8gVk5TRGF0YVhOU09iamVjdNIbHCIjXE5TRGljdGlvbmFyeaIiIF8QD05TS2V5ZWRBcmNoaXZlctEmJ1Ryb290gAEACAARABoAIwAtADIANwBAAEYATQBVAGAAZwBqAGwAbgBxAHMAdQB3AIQAjgDYAN0A5QKXApkCngKpArICwALEAssC1ALZAuYC6QL7Av4DAwAAAAAAAAIBAAAAAAAAACgAAAAAAAAAAAAAAAAAAAMF},
	Bdsk-Url-1 = {https://doi.org/10.1002/nme.1620240908}}
