@book{Piegl1997The-NURBS-Book,
	Author = {Les Piegl and Wayne Tiller},
	Date-Added = {2019-01-14 08:30:04 -0700},
	Date-Modified = {2019-01-14 08:30:04 -0700},
	Doi = {10.1007/978-3-642-59223-2},
	Publisher = {Springer Berlin Heidelberg},
	Title = {The {NURBS} Book},
	Url = {https://doi.org/10.1007\%2F978-3-642-59223-2},
	Year = 1997,
	Bdsk-Url-1 = {https://doi.org/10.1007%5C%2F978-3-642-59223-2},
	Bdsk-Url-2 = {https://doi.org/10.1007/978-3-642-59223-2}}
